<record><leader>00000cas a22000007a 4500</leader><controlfield tag="001">11168069</controlfield><controlfield tag="008">840918d1853185unyuwr ne      0   a0eng d</controlfield><datafield ind1=" " ind2=" " tag="010"><subfield code="a">sn 84031395 </subfield></datafield><datafield ind1=" " ind2=" " tag="040"><subfield code="a">NYG</subfield><subfield code="b">eng</subfield><subfield code="c">NYG</subfield><subfield code="d">NYS</subfield><subfield code="d">NYG</subfield><subfield code="d">NYS</subfield><subfield code="d">OCL</subfield><subfield code="d">OCLCQ</subfield><subfield code="d">OCLCF</subfield><subfield code="d">OCLCO</subfield></datafield><datafield ind1="1" ind2=" " tag="029"><subfield code="a">AU@</subfield><subfield code="b">000020232331</subfield></datafield><datafield ind1=" " ind2=" " tag="042"><subfield code="a">msc</subfield></datafield><datafield ind1=" " ind2=" " tag="043"><subfield code="a">n-us-ny</subfield></datafield><datafield ind1="0" ind2="0" tag="245"><subfield code="a">Ballston Democrat and mirror.</subfield></datafield><datafield ind1=" " ind2=" " tag="260"><subfield code="a">Ballston Spa, N.Y. :</subfield><subfield code="b">Seymour Chase</subfield></datafield><datafield ind1=" " ind2=" " tag="300"><subfield code="a">v. ;</subfield><subfield code="c">58 cm.</subfield></datafield><datafield ind1=" " ind2=" " tag="310"><subfield code="a">Weekly</subfield></datafield><datafield ind1=" " ind2=" " tag="500"><subfield code="a">Published every Friday.</subfield></datafield><datafield ind1=" " ind2=" " tag="588"><subfield code="a">Description based on: Vol. 9, no. 45 (Nov. 11, 1853).</subfield></datafield><datafield ind1=" " ind2="0" tag="651"><subfield code="a">Ballston Spa (N.Y.)</subfield><subfield code="v">Newspapers.</subfield></datafield><datafield ind1=" " ind2="7" tag="655"><subfield code="a">Newspapers.</subfield><subfield code="2">fast</subfield><subfield code="0">(OCoLC)fst01423814</subfield></datafield><datafield ind1=" " ind2="7" tag="651"><subfield code="a">New York (State)</subfield><subfield code="z">Ballston Spa.</subfield><subfield code="2">fast</subfield><subfield code="0">(OCoLC)fst01220520</subfield></datafield><datafield ind1=" " ind2=" " tag="752"><subfield code="a">United States</subfield><subfield code="b">New York</subfield><subfield code="c">Saratoga</subfield><subfield code="d">Ballston Spa.</subfield></datafield><datafield ind1="0" ind2="4" tag="780"><subfield code="t">Ballston Democrat (Ballston Spa, N.Y. : 1845)</subfield><subfield code="w">(DLC)sn 85025376</subfield></datafield><datafield ind1="0" ind2="4" tag="780"><subfield code="t">Ballston mirror</subfield><subfield code="w">(DLC)sn 89071307</subfield><subfield code="w">(OCoLC)19942999</subfield></datafield></record>